
@misc{Authors14,
 author = {Full Author Name},
 title = {The Frobnicatable Foo Filter},
 note = {Face and Gesture  submission ID 324. Supplied as additional material {\tt fg324.pdf}},
 year = 2014
}

@misc{Authors14b,
 author = {Full Author Name},
 title = {Frobnication Tutorial},
 note = {Supplied as additional material {\tt tr.pdf}},
 year = 2014
}

@article{Alpher02,
author = {Alvin Alpher},
title = {Frobnication},
journal = {Journal of Foo},
volume = 12, 
number = 1, 
pages = {234--778}, 
year = 2002
}

@article{Alpher03,
author = {Alvin Alpher and Ferris P.~N. Fotheringham-Smythe},
title = {Frobnication Revisited},
journal = {Journal of Foo},
volume = 13, 
number = 1, 
pages = {234--778}, 
year = 2003
}

@article{Alpher04,
author = {Alvin Alpher and Ferris P.~N. Fotheringham-Smythe and Gavin Gamow},
title = {Can a Machine Frobnicate?},
journal = {Journal of Foo},
volume = 14, 
number = 1, 
pages = {234--778}, 
year = 2004
}


@inproceedings{weng2019monocular,
  title={Monocular 3d object detection with pseudo-lidar point cloud},
  author={Weng, Xinshuo and Kitani, Kris},
  booktitle={Proceedings of the IEEE/CVF International Conference on Computer Vision Workshops},
  pages={0--0},
  year={2019}
}

@inproceedings{qian2020end,
  title={End-to-end pseudo-lidar for image-based 3d object detection},
  author={Qian, Rui and Garg, Divyansh and Wang, Yan and You, Yurong and Belongie, Serge and Hariharan, Bharath and Campbell, Mark and Weinberger, Kilian Q and Chao, Wei-Lun},
  booktitle={Proceedings of the IEEE/CVF Conference on Computer Vision and Pattern Recognition},
  pages={5881--5890},
  year={2020}
}

@inproceedings{wang2020train,
  title={Train in germany, test in the usa: Making 3d object detectors generalize},
  author={Wang, Yan and Chen, Xiangyu and You, Yurong and Li, Li Erran and Hariharan, Bharath and Campbell, Mark and Weinberger, Kilian Q and Chao, Wei-Lun},
  booktitle={Proceedings of the IEEE/CVF Conference on Computer Vision and Pattern Recognition},
  pages={11713--11723},
  year={2020}
}

@article{you2019pseudo,
  title={Pseudo-lidar++: Accurate depth for 3d object detection in autonomous driving},
  author={You, Yurong and Wang, Yan and Chao, Wei-Lun and Garg, Divyansh and Pleiss, Geoff and Hariharan, Bharath and Campbell, Mark and Weinberger, Kilian Q},
  journal={arXiv preprint arXiv:1906.06310},
  year={2019}
}

@inproceedings{chen2020monopair,
  title={Monopair: Monocular 3d object detection using pairwise spatial relationships},
  author={Chen, Yongjian and Tai, Lei and Sun, Kai and Li, Mingyang},
  booktitle={Proceedings of the IEEE/CVF Conference on Computer Vision and Pattern Recognition},
  pages={12093--12102},
  year={2020}
}

@article{vianney2019refinedmpl,
  title={Refinedmpl: Refined monocular pseudolidar for 3d object detection in autonomous driving},
  author={Vianney, Jean Marie Uwabeza and Aich, Shubhra and Liu, Bingbing},
  journal={arXiv preprint arXiv:1911.09712},
  year={2019}
}

@inproceedings{cai2020monocular,
  title={Monocular 3D object detection with decoupled structured polygon estimation and height-guided depth estimation},
  author={Cai, Yingjie and Li, Buyu and Jiao, Zeyu and Li, Hongsheng and Zeng, Xingyu and Wang, Xiaogang},
  booktitle={Proceedings of the AAAI Conference on Artificial Intelligence},
  volume={34},
  number={07},
  pages={10478--10485},
  year={2020}
}

@inproceedings{ma2020rethinking,
  title={Rethinking pseudo-lidar representation},
  author={Ma, Xinzhu and Liu, Shinan and Xia, Zhiyi and Zhang, Hongwen and Zeng, Xingyu and Ouyang, Wanli},
  booktitle={European Conference on Computer Vision},
  pages={311--327},
  year={2020},
  organization={Springer}
}


@inproceedings{philion2020lift,
  title={Lift, splat, shoot: Encoding images from arbitrary camera rigs by implicitly unprojecting to 3d},
  author={Philion, Jonah and Fidler, Sanja},
  booktitle={European Conference on Computer Vision},
  pages={194--210},
  year={2020},
  organization={Springer}
}

@article{hahner2020quantifying,
  title={Quantifying data augmentation for lidar based 3d object detection},
  author={Hahner, Martin and Dai, Dengxin and Liniger, Alexander and Van Gool, Luc},
  journal={arXiv preprint arXiv:2004.01643},
  year={2020}
}

@inproceedings{brazil2020kinematic,
  title={Kinematic 3d object detection in monocular video},
  author={Brazil, Garrick and Pons-Moll, Gerard and Liu, Xiaoming and Schiele, Bernt},
  booktitle={European Conference on Computer Vision},
  pages={135--152},
  year={2020},
  organization={Springer}
}

@article{beker2020monocular,
  title={Monocular Differentiable Rendering for Self-Supervised 3D Object Detection},
  author={Beker, Deniz and Kato, Hiroharu and Morariu, Mihai Adrian and Ando, Takahiro and Matsuoka, Toru and Kehl, Wadim and Gaidon, Adrien},
  journal={arXiv preprint arXiv:2009.14524},
  year={2020}
}

@article{simonelli2020demystifying,
  title={Demystifying Pseudo-LiDAR for Monocular 3D Object Detection},
  author={Simonelli, Andrea and Bul{\`o}, Samuel Rota and Porzi, Lorenzo and Kontschieder, Peter and Ricci, Elisa},
  journal={arXiv preprint arXiv:2012.05796},
  year={2020}
}

@inproceedings{simonelli2019disentangling,
  title={Disentangling monocular 3d object detection},
  author={Simonelli, Andrea and Bulo, Samuel Rota and Porzi, Lorenzo and L{\'o}pez-Antequera, Manuel and Kontschieder, Peter},
  booktitle={Proceedings of the IEEE/CVF International Conference on Computer Vision},
  pages={1991--1999},
  year={2019}
}

@article{simonelli2020disentangling,
  title={Disentangling Monocular 3D Object Detection: From Single to Multi-Class Recognition},
  author={Simonelli, Andrea and Bulo, Samuel Rota and Porzi, Lorenzo and Antequera, Manuel Lopez and Kontschieder, Peter},
  journal={IEEE Transactions on Pattern Analysis and Machine Intelligence},
  year={2020},
  publisher={IEEE}
}

@inproceedings{qi2018frustum,
  title={Frustum pointnets for 3d object detection from rgb-d data},
  author={Qi, Charles R and Liu, Wei and Wu, Chenxia and Su, Hao and Guibas, Leonidas J},
  booktitle={Proceedings of the IEEE conference on computer vision and pattern recognition},
  pages={918--927},
  year={2018}
}

@article{zhou2019objects,
  title={Objects as points},
  author={Zhou, Xingyi and Wang, Dequan and Kr{\"a}henb{\"u}hl, Philipp},
  journal={arXiv preprint arXiv:1904.07850},
  year={2019}
}

@inproceedings{kehl2017ssd,
  title={Ssd-6d: Making rgb-based 3d detection and 6d pose estimation great again},
  author={Kehl, Wadim and Manhardt, Fabian and Tombari, Federico and Ilic, Slobodan and Navab, Nassir},
  booktitle={Proceedings of the IEEE international conference on computer vision},
  pages={1521--1529},
  year={2017}
}

@inproceedings{liu2020smoke,
  title={Smoke: single-stage monocular 3d object detection via keypoint estimation},
  author={Liu, Zechen and Wu, Zizhang and T{\'o}th, Roland},
  booktitle={Proceedings of the IEEE/CVF Conference on Computer Vision and Pattern Recognition Workshops},
  pages={996--997},
  year={2020}
}

@inproceedings{chang2018pyramid,
  title={Pyramid stereo matching network},
  author={Chang, Jia-Ren and Chen, Yong-Sheng},
  booktitle={Proceedings of the IEEE Conference on Computer Vision and Pattern Recognition},
  pages={5410--5418},
  year={2018}
}
@inproceedings{xu2018multi,
  title={Multi-level fusion based 3d object detection from monocular images},
  author={Xu, Bin and Chen, Zhenzhong},
  booktitle={Proceedings of the IEEE conference on computer vision and pattern recognition},
  pages={2345--2353},
  year={2018}


@article{lee2019big,
  title={From big to small: Multi-scale local planar guidance for monocular depth estimation},
  author={Lee, Jin Han and Han, Myung-Kyu and Ko, Dong Wook and Suh, Il Hong},
  journal={arXiv preprint arXiv:1907.10326},
  year={2019}
}
@inproceedings{pillai2019superdepth,
  title={Superdepth: Self-supervised, super-resolved monocular depth estimation},
  author={Pillai, Sudeep and Ambru{\c{s}}, Rare{\c{s}} and Gaidon, Adrien},
  booktitle={2019 International Conference on Robotics and Automation (ICRA)},
  pages={9250--9256},
  year={2019},
  organization={IEEE}
}
@inproceedings{guizilini20203d,
  title={3d packing for self-supervised monocular depth estimation},
  author={Guizilini, Vitor and Ambrus, Rares and Pillai, Sudeep and Raventos, Allan and Gaidon, Adrien},
  booktitle={Proceedings of the IEEE/CVF Conference on Computer Vision and Pattern Recognition},
  pages={2485--2494},
  year={2020}
}
@inproceedings{ma2019accurate,
  title={Accurate monocular 3d object detection via color-embedded 3d reconstruction for autonomous driving},
  author={Ma, Xinzhu and Wang, Zhihui and Li, Haojie and Zhang, Pengbo and Ouyang, Wanli and Fan, Xin},
  booktitle={Proceedings of the IEEE/CVF International Conference on Computer Vision},
  pages={6851--6860},
  year={2019}
}
@article{barabanau2019monocular,
  title={Monocular 3d object detection via geometric reasoning on keypoints},
  author={Barabanau, Ivan and Artemov, Alexey and Burnaev, Evgeny and Murashkin, Vyacheslav},
  journal={arXiv preprint arXiv:1905.05618},
  year={2019}
}

@inproceedings{geiger2012we,
  title={Are we ready for autonomous driving? the kitti vision benchmark suite},
  author={Geiger, Andreas and Lenz, Philip and Urtasun, Raquel},
  booktitle={2012 IEEE Conference on Computer Vision and Pattern Recognition},
  pages={3354--3361},
  year={2012},
  organization={IEEE}
}

@inproceedings{manhardt2019roi,
  title={Roi-10d: Monocular lifting of 2d detection to 6d pose and metric shape},
  author={Manhardt, Fabian and Kehl, Wadim and Gaidon, Adrien},
  booktitle={Proceedings of the IEEE/CVF Conference on Computer Vision and Pattern Recognition},
  pages={2069--2078},
  year={2019}
}

@inproceedings{li2019gs3d,
  title={Gs3d: An efficient 3d object detection framework for autonomous driving},
  author={Li, Buyu and Ouyang, Wanli and Sheng, Lu and Zeng, Xingyu and Wang, Xiaogang},
  booktitle={Proceedings of the IEEE/CVF Conference on Computer Vision and Pattern Recognition},
  pages={1019--1028},
  year={2019}
}

@inproceedings{qin2019monogrnet,
  title={Monogrnet: A geometric reasoning network for monocular 3d object localization},
  author={Qin, Zengyi and Wang, Jinglu and Lu, Yan},
  booktitle={Proceedings of the AAAI Conference on Artificial Intelligence},
  volume={33},
  number={01},
  pages={8851--8858},
  year={2019}
}

@inproceedings{ku2019monocular,
  title={Monocular 3d object detection leveraging accurate proposals and shape reconstruction},
  author={Ku, Jason and Pon, Alex D and Waslander, Steven L},
  booktitle={Proceedings of the IEEE/CVF Conference on Computer Vision and Pattern Recognition},
  pages={11867--11876},
  year={2019}
}

@article{jorgensen2019monocular,
  title={Monocular 3d object detection and box fitting trained end-to-end using intersection-over-union loss},
  author={J{\"o}rgensen, Eskil and Zach, Christopher and Kahl, Fredrik},
  journal={arXiv preprint arXiv:1906.08070},
  year={2019}
}

@inproceedings{brazil2019m3d,
  title={M3d-rpn: Monocular 3d region proposal network for object detection},
  author={Brazil, Garrick and Liu, Xiaoming},
  booktitle={Proceedings of the IEEE/CVF International Conference on Computer Vision},
  pages={9287--9296},
  year={2019}
}

@inproceedings{ma2019accurate,
  title={Accurate monocular 3d object detection via color-embedded 3d reconstruction for autonomous driving},
  author={Ma, Xinzhu and Wang, Zhihui and Li, Haojie and Zhang, Pengbo and Ouyang, Wanli and Fan, Xin},
  booktitle={Proceedings of the IEEE/CVF International Conference on Computer Vision},
  pages={6851--6860},
  year={2019}
}
@inproceedings{tian2019fcos,
  title={Fcos: Fully convolutional one-stage object detection},
  author={Tian, Zhi and Shen, Chunhua and Chen, Hao and He, Tong},
  booktitle={Proceedings of the IEEE/CVF International Conference on Computer Vision},
  pages={9627--9636},
  year={2019}
}

@inproceedings{ding2020learning,
  title={Learning depth-guided convolutions for monocular 3d object detection},
  author={Ding, Mingyu and Huo, Yuqi and Yi, Hongwei and Wang, Zhe and Shi, Jianping and Lu, Zhiwu and Luo, Ping},
  booktitle={Proceedings of the IEEE/CVF Conference on Computer Vision and Pattern Recognition Workshops},
  pages={1000--1001},
  year={2020}
}


@inproceedings{kuznietsov2017semi,
	title={Semi-supervised deep learning for monocular depth map prediction},
	author={Kuznietsov, Yevhen and St{\"u}ckler, J{\"o}rg and Leibe, Bastian},
	booktitle={IEEE Conference on Computer Vision and Pattern Recognition},
	pages={6647--6655},
	year={2017}
}

@inproceedings{Gan2018MonocularDE,
  title={Monocular Depth Estimation with Affinity, Vertical Pooling, and Label Enhancement},
  author={Yukang Gan and Xiangyu Xu and Wenxiu Sun and Liang Lin},
  booktitle={ECCV},
  year={2018}
}


@inproceedings{packnet-semisup,
  author = {Vitor Guizilini and Jie Li and Rares Ambrus and Sudeep Pillai and Adrien Gaidon},
  title = {Robust Semi-Supervised Monocular Depth Estimation with Reprojected Distances},
  booktitle = {Conference on Robot Learning (CoRL)},
  month = {October},
  year = {2019},
}


@inproceedings{fu2018deep,
  title={Deep Ordinal Regression Network for Monocular Depth Estimation},
  author={Fu, Huan and Gong, Mingming and Wang, Chaohui and Batmanghelich, Kayhan and Tao, Dacheng},
  booktitle={Proceedings of the IEEE Conference on Computer Vision and Pattern Recognition},
  pages={2002--2011},
  year={2018}
}

@inproceedings{Yin2019enforcing,
  title={Enforcing geometric constraints of virtual normal for depth prediction},
  author={Yin, Wei and Liu, Yifan and Shen, Chunhua and Yan, Youliang},
  booktitle= {The IEEE International Conference on Computer Vision (ICCV)},
  year={2019}
}
@inproceedings{chen2016monocular,
  title={Monocular 3d object detection for autonomous driving},
  author={Chen, Xiaozhi and Kundu, Kaustav and Zhang, Ziyu and Ma, Huimin and Fidler, Sanja and Urtasun, Raquel},
  booktitle={Proceedings of the IEEE Conference on Computer Vision and Pattern Recognition},
  pages={2147--2156},
  year={2016}
}
@inproceedings{mousavian20173d,
  title={3d bounding box estimation using deep learning and geometry},
  author={Mousavian, Arsalan and Anguelov, Dragomir and Flynn, John and Kosecka, Jana},
  booktitle={Proceedings of the IEEE Conference on Computer Vision and Pattern Recognition},
  pages={7074--7082},
  year={2017}
}
@inproceedings{eigen2014depth,
	title={Depth map prediction from a single image using a multi-scale deep network},
	author={Eigen, David and Puhrsch, Christian and Fergus, Rob},
	booktitle={Advances in neural information processing systems},
	pages={2366--2374},
	year={2014}
}

@inproceedings{lin2014microsoft,
  title={Microsoft coco: Common objects in context},
  author={Lin, Tsung-Yi and Maire, Michael and Belongie, Serge and Hays, James and Perona, Pietro and Ramanan, Deva and Doll{\'a}r, Piotr and Zitnick, C Lawrence},
  booktitle={European conference on computer vision},
  pages={740--755},
  year={2014},
  organization={Springer}
}

@article{geiger2013vision,
  title={Vision meets robotics: The kitti dataset},
  author={Geiger, Andreas and Lenz, Philip and Stiller, Christoph and Urtasun, Raquel},
  journal={The International Journal of Robotics Research},
  volume={32},
  number={11},
  pages={1231--1237},
  year={2013},
  publisher={Sage Publications Sage UK: London, England}
}

@inproceedings{caesar2020nuscenes,
  title={nuscenes: A multimodal dataset for autonomous driving},
  author={Caesar, Holger and Bankiti, Varun and Lang, Alex H and Vora, Sourabh and Liong, Venice Erin and Xu, Qiang and Krishnan, Anush and Pan, Yu and Baldan, Giancarlo and Beijbom, Oscar},
  booktitle={Proceedings of the IEEE/CVF conference on computer vision and pattern recognition},
  pages={11621--11631},
  year={2020}
}

@article{gahlert2020cityscapes,
  title={Cityscapes 3D: Dataset and Benchmark for 9 DoF Vehicle Detection},
  author={G{\"a}hlert, Nils and Jourdan, Nicolas and Cordts, Marius and Franke, Uwe and Denzler, Joachim},
  journal={arXiv preprint arXiv:2006.07864},
  year={2020}
}

@inproceedings{he2016deep,
  title={Deep residual learning for image recognition},
  author={He, Kaiming and Zhang, Xiangyu and Ren, Shaoqing and Sun, Jian},
  booktitle={Proceedings of the IEEE conference on computer vision and pattern recognition},
  pages={770--778},
  year={2016}
}

@inproceedings{hu2018squeeze,
  title={Squeeze-and-excitation networks},
  author={Hu, Jie and Shen, Li and Sun, Gang},
  booktitle={Proceedings of the IEEE conference on computer vision and pattern recognition},
  pages={7132--7141},
  year={2018}
}

@article{lee2019centermask,
  title={CenterMask: Real-Time Anchor-Free Instance Segmentation},
  author={Lee, Youngwan and Park, Jongyoul},
  booktitle={CVPR},
  year={2020}
}

@inproceedings{depthcrf,
	title={Depth  and  surface  normal  estimation  from  monocular
	images  using  regression  on  deep  features  and  hierarchical CRFs},
	author={Li, Bo and Shen, Chunhua and Dai, Yuchao and Van, Anton and He, Mingyi},
	booktitle={International Conference on Computer Vision and Pattern Recognition (CVPR)},
	year={2015},
	pages={1119-1127},
	volume={201}
}

@inproceedings{huberloss,
	title={Deeper  Depth  Prediction  with  Fully
	Convolutional  Residual  Networks},
	author={Laina, Iro and Rupprecht, Christian and Belagiannis, Vasileios and Tombari, Federico
	and  Navab, Nassir},
	booktitle={International Conference on 3D Vision (3DV)},
	year={2016},
	pages={239-248},
}

@inproceedings{normalscvpr2,
	title={Geonet:  Geometric  Neural  Network  for  Joint  Depth  and  Surface Normal  Estimation},
	author={Qi, Xiaojuan and Liao, Renjie and Liu, Zhengzhe and Urtasun, Raquel and  Jia, Jiaya},
	booktitle={International Conference on Computer Vision and Pattern Recognition (CVPR)},
	year={2018},
	pages={283-291},
}

@inproceedings{fouriercvpr,
	title={Single-Image  Depth  Estimation  Based  on  Fourier  Domain  Analysis},
	author={Lee, Jae-Han and Heo, Minhyeok and Kim, Kyung-Rae and  Kim, Chang-Su},
	booktitle={International Conference on Computer Vision and Pattern Recognition (CVPR)},
	year={2018},
	pages={330-339},
}

@inproceedings{dorncvpr,
	title={Deep  Ordinal  Regression  Network  for  Monocular
	Depth  Estimation},
	author={Fu, Huan and Gong, Mingming and Wang, Chaohui and Batmanghelich, Kayhan and Tao, Dacheng  },
	booktitle={International Conference on Computer Vision and Pattern Recognition (CVPR)},
	year={2018},
	pages={2002-2011},
}

@article{lee2019big,
  title={From big to small: Multi-scale local planar guidance for monocular depth estimation},
  author={Lee, Jin Han and Han, Myung-Kyu and Ko, Dong Wook and Suh, Il Hong},
  journal={arXiv preprint arXiv:1907.10326},
  year={2019}
}


@inproceedings{pillai2018superdepth,
  title = {Superdepth: Self-Supervised, Super-Resolved Monocular Depth Estimation},
  author = {Pillai, Sudeep and Ambrus, Rares and Gaidon, Adrien},
  booktitle = {arXiv preprint arXiv:1810.01849},
  year = {2018}
}

@article{casser2018depth,
  title={Depth Prediction Without the Sensors: Leveraging Structure for Unsupervised Learning from Monocular Videos},
  author={Casser, Vincent and Pirk, Soeren and Mahjourian, Reza and Angelova, Anelia},
  journal={AAAI},
  year={2019}
}

@inproceedings{ummenhofer2017demon,
	title={Demon: Depth and motion network for learning monocular stereo},
	author={Ummenhofer, Benjamin and Zhou, Huizhong and Uhrig, Jonas and Mayer, Nikolaus and Ilg, Eddy and Dosovitskiy, Alexey and Brox, Thomas},
	booktitle={IEEE Conference on computer vision and pattern recognition (CVPR)},
	volume={5},
	pages={6},
	year={2017}
}

@article{zhou2018stereo,
  title={Stereo Magnification: Learning view synthesis using multiplane images},
  author={Zhou, Tinghui and Tucker, Richard and Flynn, John and Fyffe, Graham and Snavely, Noah},
  journal={arXiv preprint arXiv:1805.09817},
  year={2018}
}

@article{selfsupsem,
author = {Klingner, Marvin and Termöhlen, Jan-Aike and Mikolajczyk, Jonas and Fingscheidt, Tim},
year = {2020},
month = {},
pages = {},
title = {Self-Supervised Monocular Depth Estimation: Solving the Dynamic Object Problem by Semantic Guidance},
journal={arXiv preprint arXiv:2007.06936}
}

@inproceedings{packnet-semguided,
  author = {Vitor Guizilini and Rui Hou and Jie Li and Rares Ambrus and Adrien Gaidon},
  title = {Semantically-Guided Representation Learning for Self-Supervised Monocular Depth},
  booktitle = {International Conference on Learning Representations (ICLR)},
  month = {April},
  year = {2020}
}

@inproceedings{packnet,
  author = {Vitor Guizilini and Rares Ambrus and Sudeep Pillai and Allan Raventos and Adrien Gaidon},
  title = {3D Packing for Self-Supervised Monocular Depth Estimation},
  booktitle = {IEEE Conference on Computer Vision and Pattern Recognition (CVPR)},
  primaryClass = {cs.CV},
  year = {2020}
}

@article{godard2018digging2,
	title={Digging Into Self-Supervised Monocular Depth Estimation},
	author={Godard, Cl{\'e}ment and Mac Aodha, Oisin and Brostow, Gabriel},
	journal={arXiv preprint arXiv:1806.01260v3},
	year={2018}
}

@article{vijayanarasimhan2017sfm,
	title={Sfm-net: Learning of structure and motion from video},
	author={Vijayanarasimhan, Sudheendra and Ricco, Susanna and Schmid, Cordelia and Sukthankar, Rahul and Fragkiadaki, Katerina},
	journal={arXiv preprint arXiv:1704.07804},
	year={2017}
}

@inproceedings{lin2016fpn,
    Author    = {Tsung-Yi Lin and Piotr Doll\'{a}r and
                 Ross Girshick and Kaiming He and
                 Bharath Hariharan and Serge Belongie},
    Title     = {Feature Pyramid Networks for Object Detection},
    Booktitle = {{CVPR}},
    Year      = {2017}}